<record><leader>00000cas a22000007a 4500</leader><controlfield tag="001">36306508</controlfield><controlfield tag="008">970131d19uu1928sduwr ne      0    0eng d</controlfield><datafield ind1=" " ind2=" " tag="010"><subfield code="a">sn 97065716 </subfield></datafield><datafield ind1=" " ind2=" " tag="040"><subfield code="a">SXN</subfield><subfield code="b">eng</subfield><subfield code="c">SXN</subfield><subfield code="d">OCLCQ</subfield><subfield code="d">OCLCO</subfield></datafield><datafield ind1="1" ind2=" " tag="029"><subfield code="a">AU@</subfield><subfield code="b">000013092851</subfield></datafield><datafield ind1=" " ind2=" " tag="042"><subfield code="a">msc</subfield></datafield><datafield ind1=" " ind2=" " tag="043"><subfield code="a">n-us-sd</subfield></datafield><datafield ind1="0" ind2="4" tag="245"><subfield code="a">The Castle Rock press and Moreau news.</subfield></datafield><datafield ind1=" " ind2=" " tag="260"><subfield code="a">Castle Rock, Butte County, S.D. :</subfield><subfield code="b">Henry Jacobsen</subfield></datafield><datafield ind1=" " ind2=" " tag="300"><subfield code="a">v.</subfield></datafield><datafield ind1=" " ind2=" " tag="310"><subfield code="a">Weekly</subfield></datafield><datafield ind1="0" ind2=" " tag="362"><subfield code="a">-v. 17, no. 50 (Feb. 23, 1928).</subfield></datafield><datafield ind1=" " ind2=" " tag="530"><subfield code="a">Available on microfilm from: State Archives, South Dakota State Historical Society.</subfield></datafield><datafield ind1=" " ind2=" " tag="580"><subfield code="a">Formed by the consolidation of: Castle Rock press, and: Moreau news, and: Redig press.</subfield></datafield><datafield ind1=" " ind2=" " tag="580"><subfield code="a">Merged with: Valley irrigator, to form: Valley irrigator and Castle Rock press.</subfield></datafield><datafield ind1=" " ind2=" " tag="588"><subfield code="a">Description based on: Vol. 7, no. 1 (Mar. 29, 1917).</subfield></datafield><datafield ind1=" " ind2="0" tag="651"><subfield code="a">Castle Rock (S.D.)</subfield><subfield code="v">Newspapers.</subfield></datafield><datafield ind1=" " ind2="0" tag="651"><subfield code="a">Butte County (S.D.)</subfield><subfield code="v">Newspapers.</subfield></datafield><datafield ind1=" " ind2=" " tag="752"><subfield code="a">United States</subfield><subfield code="b">South Dakota</subfield><subfield code="c">Butte</subfield><subfield code="d">Castle Rock.</subfield></datafield><datafield ind1="1" ind2="4" tag="780"><subfield code="t">Castle Rock press</subfield></datafield><datafield ind1="1" ind2="4" tag="780"><subfield code="t">Moreau news</subfield></datafield><datafield ind1="1" ind2="4" tag="780"><subfield code="t">Redig press</subfield></datafield><datafield ind1="1" ind2="7" tag="785"><subfield code="t">Valley irrigator (Vale, S.D. : 1907)</subfield><subfield code="w">(DLC)sn 97065718</subfield></datafield><datafield ind1="1" ind2="7" tag="785"><subfield code="t">Valley irrigator and Castle Rock press</subfield><subfield code="w">(DLC)sn 97065717</subfield></datafield></record>